%{% raw %}
% Add your bibtex items here:

%{% endraw %}
